@inproceedings{taylor1994integrated,
  title={Integrated text and image understanding for document understanding},
  author={Taylor, Suzanne Liebowitz and Dahl, Deborah A and Lipshutz, Mark and Weir, Carl and Norton, Lewis M and Nilson, Roslyn and Linebarger, Marcia C},
  booktitle={Human Language Technology: Proceedings of a Workshop held at Plainsboro, New Jersey, March 8-11, 1994},
  year={1994}
}
@inproceedings{baird2004robust,
  title={Robust document image understanding technologies},
  author={Baird, Henry S and Lopresti, Daniel and Davison, Brian D and Pottenger, William M},
  booktitle={Proceedings of the 1st ACM workshop on Hardcopy document processing},
  pages={9--14},
  year={2004}
}